@book{Brejová2011,
 author={Broňa Brejová and  Tomáš Vinař},
 title={{Metódy v bioinformatike [Methods in Bioinformatics]}},
 year={2011},
 publisher={Knižničné a edičné centrum FMFI UK},
 note={Lecture notes}
}

@article{tutorialBio,
  author = {Alvis Brazma and Helen Parkinson and Thomas Schlitt and Mohammadreza Shojatalab},
  year = "{2011}",
  title="{EBI Research - Functional Genomics - Introduction To Biology}",      
  howpublished = "\hfill\break{\tt\url{http://www.ebi.ac.uk/microarray/biology_intro.html}}",  
  note = {[Online; accessed 26-Oct-2012]}
}

@incollection {springerlink:10.1007/978-3-540-71681-5_18,
   author = {Yu, Chun-Nam and Joachims, Thorsten and Elber, Ron and Pillardy, Jaroslaw},
   affiliation = {Dept. of Computer Science, Cornell University, Ithaca NY 14853 USA},
   title = {Support Vector Training of Protein Alignment Models},
   booktitle = {Research in Computational Molecular Biology},
   series = {Lecture Notes in Computer Science},
   editor = {Speed, Terry and Huang, Haiyan},
   publisher = {Springer Berlin / Heidelberg},
   isbn = {978-3-540-71680-8},
   keyword = {Computer Science},
   pages = {253-267},
   volume = {4453},
   url = "{http://dx.doi.org/10.1007/978-3-540-71681-5\_18}",
   note = "{10.1007/978-3-540-71681-5\_18}",
   year = {2007}
}

@incollection {springerlink:10.1007/11732990_15,
   author = {Do, Chuong and Gross, Samuel and Batzoglou, Serafim},
   affiliation = {Stanford University, Stanford, CA 94305, USA},
   title = {CONTRAlign: Discriminative Training for Protein Sequence Alignment},
   booktitle = {Research in Computational Molecular Biology},
   series = {Lecture Notes in Computer Science},
   editor = {Apostolico, Alberto and Guerra, Concettina and Istrail, Sorin and Pevzner, Pavel and Waterman, Michael},
   publisher = {Springer Berlin / Heidelberg},
   isbn = {978-3-540-33295-4},
   keyword = {Computer Science},
   pages = {160-174},
   volume = {3909},
   url = {http://dx.doi.org/10.1007/11732990\_15},
   note = {10.1007/11732990\_15},
   year = {2006}
}

@book{durbin1998biological,
  title={Biological Sequence Analysis: Probabilistic Models of Proteins and Nucleic Acids},
  author={Durbin, R. and Eddy, S.R. and Krogh, A. and Mitchison, G.},
  isbn={9780521629713},
  lccn={97046769},
  url={http://www.google.sk/books?id=R5P2GlJvigQC},
  year={1998},
  publisher={Cambridge University Press}
}