
@book{skripta,
 author={Broňa Brejová and  Tomáš Vinař},
 title={{Metódy v bioinformatike [Methods in Bioinformatics]}},
 year={2011},
 publisher={Knižničné a edičné centrum FMFI UK},
 note={Lecture notes}
}

@book{durbin,
  title={Biological Sequence Analysis: Probabilistic Models of Proteins and Nucleic Acids},
  author={Durbin, R. and Eddy, S.R. and Krogh, A. and Mitchison, G.},
  isbn={9780521629713},
  lccn={97046769},
  url={http://www.google.sk/books?id=R5P2GlJvigQC},
  year={1998},
  publisher={Cambridge University Press}
}

@article{randomForestPaper,
  title={Random forests},
  author={Breiman, L.},
  journal={Machine learning},
  volume={45},
  number={1},
  pages={5--32},
  year={2001},
  publisher={Springer}
}

@unpublished{hozzaThesis,
  title = "Zarovnávanie sekvencií s použitím metód klasifikácie",
  author = {Michal Hozza},
  note = "Katedra Informatiky, Fakulta matematiky, fyziky a informatiky,Univerzita Komensk{\'e}ho, Bratislava",
  year = "2014",
}
